<record><leader>00000cas a22000007a 4500</leader><controlfield tag="001">23347668</controlfield><controlfield tag="008">910328d19791985ohuwr ne      0    0eng d</controlfield><datafield ind1=" " ind2=" " tag="010"><subfield code="a">sn 90068553 </subfield></datafield><datafield ind1=" " ind2=" " tag="040"><subfield code="a">ONP</subfield><subfield code="b">eng</subfield><subfield code="c">ONP</subfield><subfield code="d">OCLCQ</subfield></datafield><datafield ind1=" " ind2=" " tag="042"><subfield code="a">msc</subfield></datafield><datafield ind1="0" ind2="0" tag="245"><subfield code="a">Sun leader journal.</subfield></datafield><datafield ind1=" " ind2=" " tag="260"><subfield code="a">Euclid, Ohio :</subfield><subfield code="b">Post Corp.,</subfield><subfield code="c">1979-1985.</subfield></datafield><datafield ind1=" " ind2=" " tag="300"><subfield code="a">v.</subfield></datafield><datafield ind1=" " ind2=" " tag="310"><subfield code="a">Weekly</subfield></datafield><datafield ind1="0" ind2=" " tag="362"><subfield code="a">Vol. 33, no. 44 (Nov. 1, 1979)-39th year, no. 26 (June 27, 1985).</subfield></datafield><datafield ind1=" " ind2="4" tag="651"><subfield code="a">Euclid (Ohio)</subfield><subfield code="v">Newspapers.</subfield></datafield><datafield ind1=" " ind2="4" tag="651"><subfield code="a">Cuyahoga County (Ohio)</subfield><subfield code="v">Newspapers.</subfield></datafield><datafield ind1=" " ind2=" " tag="752"><subfield code="a">United States</subfield><subfield code="b">Ohio</subfield><subfield code="c">Cuyahoga</subfield><subfield code="d">Euclid.</subfield></datafield><datafield ind1="0" ind2="0" tag="780"><subfield code="t">Lake County leader journal</subfield><subfield code="w">(DLC)sn 90068554</subfield></datafield><datafield ind1="1" ind2=" " tag="029"><subfield code="a">AU@</subfield><subfield code="b">000025876448</subfield></datafield></record>